 @article{volovich_1987, title={P-adic space-time and string theory}, volume={71}, DOI={10.1007/bf01017088}, number={3}, journal={Theoretical and Mathematical Physics}, author={Volovich, I. V.}, year={1987}, pages={574–576}} 

@article{kozyrev_khrennikov_shelkovich_2014, title={P-adic wavelets and their applications}, volume={285}, DOI={10.1134/s0081543814040129}, number={1}, journal={Proceedings of the Steklov Institute of Mathematics}, author={Kozyrev, S. V. and Khrennikov, A. Yu. and Shelkovich, V. M.}, year={2014}, pages={157–196}} 

@article{kozyrev_2002, title={Wavelet theory as $ p$-adic spectral analysis}, volume={66}, DOI={10.1070/im2002v066n02abeh000381}, number={2}, journal={Izvestiya: Mathematics}, author={Kozyrev, S V}, year={2002}, pages={367–376}} 

      @misc{khrennikov2006padic,
      title={$p$-Adic multidimensional wavelets and their application to $p$-adic pseudo-differential operators}, 
      author={A. Yu. Khrennikov and V. M. Shelkovich},
      year={2006},
      eprint={math-ph/0612049},
      archivePrefix={arXiv},
      primaryClass={math-ph}

       @article{khrennikov_shelkovich_2009, title={An infinite family of p-adic non-haar wavelet bases and pseudo-differential operators}, volume={1}, DOI={10.1134/s2070046609030030}, number={3}, journal={P-Adic Numbers, Ultrametric Analysis, and Applications}, author={Khrennikov, Andrei Yu. and Shelkovich, Vladimir M.}, year={2009}, pages={204–216}} 

        @article{khrennikov_shelkovich_2010, title={Non-haar p-adic wavelets and their application to pseudo-differential operators and equations}, volume={28}, DOI={10.1016/j.acha.2009.05.007}, number={1}, journal={Applied and Computational Harmonic Analysis}, author={Khrennikov, A.Yu. and Shelkovich, V.M.}, year={2010}, pages={1–23}} 

     @article{avetisov_bikulov_kozyrev_1999, title={Application ofp-adic analysis to models of breaking of Replica Symmetry}, volume={32}, DOI={10.1088/0305-4470/32/50/301}, number={50}, journal={Journal of Physics A: Mathematical and General}, author={Avetisov, V A and Bikulov, A H and Kozyrev, S V}, year={1999}, pages={8785–8791}} 

     @article{dragovich_khrennikov_kozyrev_volovich_zelenov_2017, title={P-adic mathematical physics: The first 30 Years}, volume={9}, DOI={10.1134/s2070046617020017}, number={2}, journal={p-Adic Numbers, Ultrametric Analysis and Applications}, author={Dragovich, B. and Khrennikov, A. Yu. and Kozyrev, S. V. and Volovich, I. V. and Zelenov, E. I.}, year={2017}, pages={87–121}} 

      @article{vladimirov_1988, title={Generalized functions over the field ofp-adic numbers}, volume={43}, DOI={10.1070/rm1988v043n05abeh001924}, number={5}, journal={Russian Mathematical Surveys}, author={Vladimirov, Vasilii S}, year={1988}, pages={19–64}} 